<?xml version="1.0" encoding="UTF-8"?><collection xmlns="http://www.loc.gov/MARC21/slim"><record><leader>00691nam--2200241-u-4500</leader><controlfield tag="001">000050406</controlfield><controlfield tag="002">20161230</controlfield><controlfield tag="003">81818</controlfield><controlfield tag="005">20161230201048</controlfield><controlfield tag="008">070312s1000------------r-----000-0-eng-d</controlfield><datafield ind1=" " ind2=" " tag="020"><subfield code="a">0-387-98643-X</subfield></datafield><datafield ind1=" " ind2=" " tag="040"><subfield code="a">IFIN-HH</subfield></datafield><datafield ind1=" " ind2=" " tag="041"><subfield code="a">eng</subfield></datafield><datafield ind1="1" ind2=" " tag="100"><subfield code="a">Marsden,Jerrold E. and Ratiu,Tudor S</subfield></datafield><datafield ind1="1" ind2="0" tag="245"><subfield code="a">Introduction to Mechanics and Symmetry. A Basic Exposition of Classical Mechanical Systems</subfield></datafield><datafield ind1=" " ind2=" " tag="250"><subfield code="a">Second Edition</subfield></datafield><datafield ind1=" " ind2=" " tag="260"><subfield code="a">New York</subfield><subfield code="b">Springer</subfield><subfield code="c">1999</subfield></datafield><datafield ind1=" " ind2=" " tag="300"><subfield code="a">584 p</subfield></datafield><datafield ind1=" " ind2=" " tag="490"><subfield code="a">Text in Applied Mathematics</subfield></datafield><datafield ind1=" " ind2=" " tag="504"><subfield code="a">Contine Index wit 54 Illustration</subfield></datafield><datafield ind1=" " ind2="4" tag="650"><subfield code="a">Lagrangian Mechanics</subfield></datafield><datafield ind1=" " ind2=" " tag="852"><subfield code="a">81818</subfield><subfield code="c">531</subfield></datafield><datafield ind1=" " ind2=" " tag="CAT"><subfield code="a">Sys</subfield><subfield code="c">20100511</subfield><subfield code="h">095808</subfield></datafield></record></collection>